@article{mbakidi2022a,
  author = {Mbakidi, Jean-Pierre and Kerkache, Asma and Lazar, Florica and Bouquillon, Sandrine},
  title = {Dissolution of Cellulose and Lignin with Biobased Ionic Liquids},
  language = {eng},
  format = {article},
  journal = {Journal of Solution Chemistry},
  volume = {51},
  number = {3},
  pages = {345-356},
  year = {2022},
  issn = {15728927, 00959782},
  publisher = {Springer US},
  doi = {10.1007/s10953-022-01148-0}
}